%% This BibTeX bibliography file was created using BibDesk.
%% http://bibdesk.sourceforge.net/


%% Created for Ant√≥nio Sousa at 2010-12-21 16:13:46 +0000 


%% Saved with string encoding Unicode (UTF-8) 



@url{trac,
	Date-Added = {2010-12-21 16:12:36 +0000},
	Date-Modified = {2010-12-21 16:13:41 +0000},
	Title = {Trac - integrated SCM & Project Management},
	Urldate = {http://trac.edgewall.org/}}

@misc{mvc,
	Author = {Trygve M. H. Reenskaug},
	Date-Added = {2010-12-21 16:09:23 +0000},
	Date-Modified = {2010-12-21 16:11:13 +0000},
	Howpublished = {http://heim.ifi.uio.no/~trygver/themes/mvc/mvc-index.html},
	Month = {Dezembro},
	Title = {Models-Views-Controllers},
	Year = {1979}}
